@article{Bottou:2018cv,
author = {Bottou, L{\'e}on and Curtis, Frank E. and Nocedal, Jorge},
title = {{Optimization Methods for Large-Scale Machine Learning}},
journal = {SIAM Review},
year = {2018},
volume = {60},
number = {2},
pages = {223--311},
month = may
}
